% References file

@online{Wiki,
	author				= {Uwe Lauschner},
	title					= {DAEbot Wiki},
	date					= {2017},
	url						= {https://gitlab.idial.institute/DAEbot/DAEbot/wikis/home}
}

@online{zynq-main,
	author				= {Trenz Electronic},
	title					= {Zynqberry - Zynq-7010 in Raspberry Pi form factor},
	date					= {2017},
	url						= {https://shop.trenz-electronic.de/en/TE0726-03M-ZynqBerry-Zynq-7010-in-Raspberry-Pi-form-factor?c=350}
}

@online{zynq-trm,
	author				= {Trenz Electronic},
	title					= {TE0726 Technical Reference Manual},
	date					= {2017},
	url						= {https://wiki.trenz-electronic.de/display/PD/TE0726+TRM}
}

@online{zynq-wiki,
	author				= {Taylor Roorda},
	title					= {Getting Started with the ZynqBerry},
	date					= {2017},
	url						= {https://eewiki.net/display/Motley/Getting+Started+with+the+ZynqBerry}
}

@manual{can,
	author				= {Robert Bosch GmbH},
	title					= {CAN Specification 2.0},
	date					= {1991},
	url						= {http://esd.cs.ucr.edu/webres/can20.pdf}
}

@article{Lauchner2015,
	author				= {Uwe Lauchner and Burkhard Igel and Lukas Krawczyk and Carsten Wolff},
	title					= {Applying Model-based Principles on a Distributed Robotic System Appplication},
	journaltitle	= {The 8th IEEE International Conference on Intelligent Data Acquisition and Advanced Computing Systems: Technology and Applications},
	date					= {2015}
}

@article{Lueckel2001,
	author				= {Joachim Lückel and Thorsten Hestermeyer and Xiaobo Liu-Henke},
	title					= {Generalization of the Cascade Principle in View of a Structured Form of Mechatronic Systems},
	journaltitle	= {IEE/ASME International Conference on Advanced Intelligent Mechatronics Proceedings},
	date					= {2001}
}

@article{Wolff2016,
	author				= {Carsten Wolff and Peter Schulz and Mathias Knirr and Klaus-P Priebe and Jadran Vrabec Jörn Strumberg},
	title					= {Flexible and Controllable ORC Turbine for Smart Energy Systems},
	journaltitle	= {IEEE International Energy Conference (ENERGYCON)},
	date					= {2016}
}

@manual{UG973,
	author				= {Xilinx},
	title					= {Vivado Design Suite User Guide, Release Notes, Installation and Licensing},
	date					= {2017},
	url						= {https://www.xilinx.com/support/documentation/sw_manuals/xilinx2017_4/ug973-vivado-release-notes-install-license.pdf}
}

@manual{UG1165,
	author				= {Xilinx},
	title					= {Zynq-7000 All Programmable SoC: Embedded Design Tutorial. A Hands-On Guide to Effective Embedded System Design},
	date					= {2017},
	url						= {https://www.xilinx.com/support/documentation/sw_manuals/xilinx2017_4/ug1165-zynq-embedded-design-tutorial.pdf}
}

@manual{DS190,
	author				= {Xilinx},
	title					= {Zynq-7000 All Programmable SoC Data Sheet: Overview},
	date					= {2017},
	url						= {https://www.xilinx.com/support/documentation/data_sheets/ds190-Zynq-7000-Overview.pdf}
}

@manual{UG585,
	author				= {Xilinx},
	title					= {Zynq-7000 All Programmable SoC: Technical Reference Manual},
	date					= {2017},
	url						= {https://www.xilinx.com/support/documentation/user_guides/ug585-Zynq-7000-TRM.pdf}
}

@manual{UG835,
	author				= {Xilinx},
	title					= {Vivado Design Suite Tcl: Command Reference Guide},
	date					= {2018},
	url						= {https://www.xilinx.com/support/documentation/sw_manuals/xilinx2017_4/ug835-vivado-tcl-commands.pdf}
}