% References file

@online{LEE97,
	author				= {Uwe Jahn},
	title					= {DAEbot Wiki},
	date					= {2017},
	url						= {https://gitlab.idial.institute/DAEbot/DAEbot/wikis/home}
}

% Delete after here

@booklet{LAN99,
  author        = {Charan Langton},
  title         = {Coding and decoding with Convolutional Codes},
  year          = {1999}
}

@article{PUJ13,
  author        = {Hiral Pujara1 and Pankaj Prajapati2},
  title         = {RTL Implementation of Viterbi Decoder using VHDL},
  journaltitle  = {IOSR Journal of VLSI and Signal Processing},
  year          = {2013}
}

@article{RAJ14,
  author        = {K. Rajendar and K. Bapayya},
  title         = {FPGA Implementation of Efficient Viterbi Decoder for Multi-Carrier Systems},
  journaltitle  = {International Journal Of Modern Engineering Research},
  year          = {2014}
}

@book{KAE08,
  author        = {Hubert Kaeslin},
  title         = {Digital Integrated Circuit Design-From VLSI Architectures to CMOS Fabrication},
  publisher     = {Cambridge University Press},
  year          = {2014}
}

@manual{STD00,
  author        = {Design Automation Standards Committee},
  title         = {IEEE Standard 1076 - VHDL Language Reference Manual},
  year          = {2000}
}

@manual{VRM97,
  title         = {VHDL Reference Manual},
  publisher     = {Synario Design Automation},
  year          = {1997}
}

@manual{GRG95,
  title         = {The VHDL Golden Reference Guide},
  publisher     = {DOULOS},
  year          = {1995}
}

@thesis{WER10,
  author        = {Brett Werling},
  title         = {A Hardware Implementation of the Soft Output Viterbi Algorithm for Serially Concatenated Convolutional Codes},
  TYPE          = {Master Thesis},
  institution   = {University of Kansas},
  year          = {2010}
}

@article{WAY15,
  author        = {Komal Wayal and Kalpana Gore and Smita Waikule and S.C.Wagaj},
  title         = {Convolution encoding and viterbi decoding based on fpga using vhdl},
  journaltitle  = {International Journal of Advanced Technology in Engineering and Science},
  year          = {2015}
}

@article{SHA09,
  author        = {Sherif Shaker and Salwa Elramly and Khaled Shehata},
  title         = {FPGA Implementation of a Reconfigurable Viterbi Decoder for WiMAX Receiver},
  journaltitle  = {International Conference on Microelectronics},
  year          = {2009}
}

@article{WON09,
  author        = {Yin Sweet Wong and Wen Jian Ong and Jin Hui Chong and Chee Kyun Ng and Nor Kamariah Noordin},
  title         = {Implementation of Convolutional Encoder and Viterbi Decoder using VHDL},
  journaltitle  = {Proceedings of 2009 Student Conference on Research and Development},
  year          = {2009}
}

@thesis{RAN99,
  author        = {Samirkumar Ranpara},
  title         = {On a Viterbi decoder design for low power dissipation},
  TYPE          = {Master Thesis},
  institution   = {Virginia Polytechnic Institute and State University},
  year          = {1999}
}

@article{RAJ13,
  author        = {C. Rajesh and Sreenivasa Murthy},
  title         = {VHDL Implementation of Fast and Efficient Viterbi decoder},
  journaltitle  = {International Journal of Advanced Computer Research},
  year          = {2013}
}

@online{LEE97,
  author        = {Chee Yoon Lee and Zixiong Wang},
  title         = {Viterbi Decoder for Convolutional Coded Signals},
  date          = {1997},
  url           = {http://www.ece.ualberta.ca/~elliott/ee552/projects/1997f/ViterbiDecoder/}
}
