%%%
%  File: rp-ref.bib
%  Project: rp
%  Author: Javier Reyes
%  Created on: 08.09.2018
%  
%  Last modified: 08.09.2018
%  Modified by: Javier Reyes (javier.reyes.g@gmail.com)
%  
%  MIT License
%  
%  Copyright (c) 2018 Javier Reyes
%  
%  Permission is hereby granted, free of charge, to any person obtaining a copy of
%  this software and associated documentation files (the "Software"), to deal in
%  the Software without restriction, including without limitation the rights to
%  use, copy, modify, merge, publish, distribute, sublicense, and/or sell copies
%  of the Software, and to permit persons to whom the Software is furnished to do
%  so, subject to the following conditions:
%  
%  The above copyright notice and this permission notice shall be included in all
%  copies or substantial portions of the Software.
%  
%  THE SOFTWARE IS PROVIDED "AS IS", WITHOUT WARRANTY OF ANY KIND, EXPRESS OR
%  IMPLIED, INCLUDING BUT NOT LIMITED TO THE WARRANTIES OF MERCHANTABILITY,
%  FITNESS FOR A PARTICULAR PURPOSE AND NONINFRINGEMENT. IN NO EVENT SHALL THE
%  AUTHORS OR COPYRIGHT HOLDERS BE LIABLE FOR ANY CLAIM, DAMAGES OR OTHER
%  LIABILITY, WHETHER IN AN ACTION OF CONTRACT, TORT OR OTHERWISE, ARISING FROM,
%  OUT OF OR IN CONNECTION WITH THE SOFTWARE OR THE USE OR OTHER DEALINGS IN THE
%  SOFTWARE.
%%%

@book{ntr,
	author	= {Javier Reyes},
	title	= {New Trends in Research - DAEbot Reflective Operator Accelerator+},
	year	= {2018},
}

@online{Wiki,
	author	= {Uwe Jahn},
	title	= {DAEbot Wiki},
	date	= {2017},
	url		= {https://gitlab.idial.institute/DAEbot/DAEbot/wikis/home}
}

@book{Poliakov2018,
	author	= {Wladimir Poliakov},
	title	= {Research Project - Design and Implementation of DAEbot controller layer components},
	year	= {2018},
}

@article{Lueckel2001,
	author			= {Joachim Lueckel and Thorsten Hestermeyer and Xiaobo Liu-Henke},
	title			= {Generalization of the Cascade Principle in View of a Structured Form of Mechatronic Systems},
	journaltitle	= {IEE/ASME International Conference on Advanced Intelligent Mechatronics Proceedings},
	date			= {2001}
}

@book{Crokett2014,
	author	= {Louse Crokket and Ross Elliot and Martin Enderwitz and Robert Stewart},
	title	= {The Zynq Book - Embedded Processing with the ARM Cortex A9 on the Xilinx Zynq-7000 All Programmable SoC},
	year	= {2014},
}

@book{Crokett2015,
	author	= {Louse Crokket and Ross Elliot and Martin Enderwitz and David Northcote},
	title	= {The Zynq Book Tutorials for Zybo and Zedboard},
	year	= {2015},
}

@online{zynq-main,
	author	= {Trenz Electronic},
	title	= {Zynqberry - Zynq-7010 in Raspberry Pi form factor},
	date	= {2017},
	url		= {https://shop.trenz-electronic.de/en/TE0726-03M-ZynqBerry-Zynq-7010-in-Raspberry-Pi-form-factor?c=350}
}

@online{zynq-trm,
	author	= {Trenz Electronic},
	title	= {TE0726 Technical Reference Manual},
	date	= {2017},
	url		= {https://wiki.trenz-electronic.de/display/PD/TE0726+TRM}
}

@online{zynq-wiki,
	author	= {Taylor Roorda},
	title	= {Getting Started with the ZynqBerry},
	date	= {2017},
	url		= {https://eewiki.net/display/Motley/Getting+Started+with+the+ZynqBerry}
}

@online{yocto-manual,
	author	= {Scott Rifenbark},
	title	= {Yocto Project Mega-Manual},
	date	= {2015},
	url		= {https://www.yoctoproject.org/docs/current/mega-manual/mega-manual.html}
}

@manual{can,
	author	= {Robert Bosch GmbH},
	title	= {CAN Specification 2.0},
	date	= {1991},
	url		= {http://esd.cs.ucr.edu/webres/can20.pdf}
}

@manual{UG973,
	author	= {Xilinx},
	title	= {Vivado Design Suite User Guide, Release Notes, Installation and Licensing},
	date	= {2017},
	url		= {https://www.xilinx.com/support/documentation/sw_manuals/xilinx2017_4/ug973-vivado-release-notes-install-license.pdf}
}

@manual{UG1165,
	author	= {Xilinx},
	title	= {Zynq-7000 All Programmable SoC: Embedded Design Tutorial. A Hands-On Guide to Effective Embedded System Design},
	date	= {2017},
	url		= {https://www.xilinx.com/support/documentation/sw_manuals/xilinx2017_4/ug1165-zynq-embedded-design-tutorial.pdf}
}

@manual{DS190,
	author	= {Xilinx},
	title	= {Zynq-7000 All Programmable SoC Data Sheet: Overview},
	date	= {2017},
	url		= {https://www.xilinx.com/support/documentation/data_sheets/ds190-Zynq-7000-Overview.pdf}
}

@manual{UG585,
	author	= {Xilinx},
	title	= {Zynq-7000 All Programmable SoC: Technical Reference Manual},
	date	= {2017},
	url		= {https://www.xilinx.com/support/documentation/user_guides/ug585-Zynq-7000-TRM.pdf}
}

@manual{UG835,
	author	= {Xilinx},
	title	= {Vivado Design Suite Tcl: Command Reference Guide},
	date	= {2018},
	url		= {https://www.xilinx.com/support/documentation/sw_manuals/xilinx2017_4/ug835-vivado-tcl-commands.pdf}
}

@manual{UG1156,
	author	= {Xilinx},
	title	= {Petalinux Tools Documentation - Workflow Tutorial},
	date	= {2017},
	url		= {https://www.xilinx.com/support/documentation/sw_manuals/xilinx2017_2/ug1156-petalinux-tools-workflow-tutorial.pdf}
}

@manual{UG1144,
	author	= {Xilinx},
	title	= {Petalinux Tools Documentation - Reference Guide},
	date	= {2017},
	url		= {https://www.xilinx.com/support/documentation/sw_manuals/xilinx2017_1/ug1144-petalinux-tools-reference-guide.pdf}
}

@manual{UG1043,
	author = {Xilinx},
	title = {Embedded System Tools Reference Manual},
	date = {2017},
	url = {https://www.xilinx.com/support/documentation/sw_manuals/xilinx2017_4/ug1043-embedded-system-tools.pdf}
}

@manual{UG895,
	author = {Xilinx},
	title = {Vivado Design Suite User Guide - System Level Design Entry},
	date = {2017},
	url = {https://www.xilinx.com/support/documentation/sw_manuals/xilinx2017_4/ug895-vivado-system-level-design-entry.pdf}
}

@manual{UG895,
	author = {Xilinx},
	title = {Vivado Design Suite User Guide - Embedded Processor Hardware Design},
	date = {2017},
	url = {https://www.xilinx.com/support/documentation/sw_manuals/xilinx2017_4/ug898-vivado-embedded-design.pdf}
}

@manual{UG1046,
	author	= {Xilinx},
	title	= {Ultrafast Embedded Design Methodology Guide},
	date	= {2018},
	url		= {https://www.xilinx.com/content/dam/xilinx/support/documentation/sw_manuals/ug1046-ultrafast-design-methodology-guide.pdf}
}